@book{james2013,
  title={An introduction to statistical learning},
  author={James, Gareth and Witten, Daniela and Hastie, Trevor and Tibshirani, Robert},
  volume={112},
  year={2013},
  publisher={Springer}
}
@misc{Lichman2013,
author = {M. Lichman},
year = {2013},
title = {{UCI} Machine Learning Repository},
url = {http://archive.ics.uci.edu/ml},
institution = {University of California, Irvine, School of Information and Computer Sciences}
}
@Article{,
  title = {kernlab -- An {S4} Package for Kernel Methods in {R}},
  author = {Alexandros Karatzoglou and Alex Smola and Kurt Hornik and Achim Zeileis},
  journal = {Journal of Statistical Software},
  year = {2004},
  volume = {11},
  number = {9},
  pages = {1--20},
  url = {http://www.jstatsoft.org/v11/i09/},
}